@inproceedings{hewitt1973ijcai,
  title={A universal modular actor formalism for artificial intelligence},
  author={Hewitt, Carl and Bishop, Peter and Steiger, Richard},
  booktitle={Proceedings of the 3rd international joint conference on Artificial intelligence},
  pages={235--245},
  year={1973},
  organization={Morgan Kaufmann Publishers Inc.}
}

@inproceedings{charousset2014caf,
 author = {Charousset, Dominik and Hiesgen, Raphael and Schmidt, Thomas C.},
 title = {CAF - the C++ Actor Framework for Scalable and Resource-Efficient Applications},
 booktitle = {Proceedings of the 4th International Workshop on Programming Based on Actors Agents \&\#38; Decentralized Control},
 series = {AGERE! '14},
 year = {2014},
 isbn = {978-1-4503-2189-1},
 location = {Portland, Oregon, USA},
 pages = {15--28},
 numpages = {14},
 url = {http://doi.acm.org/10.1145/2687357.2687363},
 doi = {10.1145/2687357.2687363},
 acmid = {2687363},
 publisher = {ACM},
 address = {New York, NY, USA},
 keywords = {actor model, c++, distributed debugging, message-oriented middleware, performance measurement},
} 

@phdthesis{korland2011thesis,
  title={Practical Solutions for Multicore Programming},
  author={Korland, Guy},
  year={2011},
  school={Tel Aviv University}
}